@book{sechi2010,
  title={Editoria Digitale },
  author={Letizia Sechi},
  url={https://www.apogeonline.com/libri/editoria-digitale-letizia-sechi/},
  year={2010},
  publisher={Apogeo}
}
@book{pantieri2021,
  title={LaTeX per l'impaziente },
  author={Lorenzo Pantieri },
  url={http://www.lorenzopantieri.net/LaTeX_files/LaTeXimpaziente.pdf},
  year={2021}
}
@misc{ceravolo2023,
  title={Lezioni di Editoria Digitale},
  author={Paolo Ceravolo},
  url={https://myariel.unimi.it/mod/folder/view.php?id=26538},
  year={2023}
}

@book{pedersini2020elementi,
  title={Elementi di segnali e sistemi: Lezioni di Elaborazione dei Segnali},
  author={Federico Pedersini},
  year={2020},
  publisher={Pubblicazione indipendente}
}

@book{zanoni2023logic,
  title={Logic Pro. Guida operativa},
  author={Marco Zanoni},
  year={2023},
  publisher={Curci}
}

@book{roads1996computer,
  title={The Computer Music Tutorial},
  author={Curtis Roads},
  year={1996},
  publisher={MIT Press}
}

@book{leider2004digital,
  title={Digital Audio Workstation: Mixing, Recording, and Mastering with Pro Tools},
  author={Colby Leider},
  year={2004},
  publisher={McGraw-Hill}
}

@book{huber2013modern,
  title={Modern Recording Techniques},
  author={David Miles Huber and Robert E. Runstein},
  year={2013},
  publisher={Focal Press}
}

@book{senior2011mixing,
  title={Mixing Secrets for the Small Studio},
  author={Mike Senior},
  year={2011},
  publisher={Focal Press}
}

@book{katz2007mastering,
  title={Mastering Audio: The Art and the Science},
  author={Bob Katz},
  year={2007},
  publisher={Focal Press}
}

@book{watkinson2013art,
  title={The Art of Digital Audio},
  author={John Watkinson},
  year={2013},
  publisher={Focal Press}
}

@misc{audiodigitaleWIKI,
  author = {Wikipedia},
  title = {Audio Digitale},
  year = {2024},
  url = {https://it.wikipedia.org/wiki/Audio_digitale}
}

@misc{audiodigitaleSONY,
  author = {Sony Corporation},
  title = {Informazioni sull'audio digitale - Una guida completa},
  year = {2024},
  url = {https://www.sony.it/electronics/support/understanding-digital-audio}
}

@misc{campionamentoAUDIOSONICA,
  author = {Audio Sonica - Marco Sacco},
  title = {Campionamento - Introduzione all'audio digitale},
  year = {2024},
  url = {https://www.audiosonica.com/it/corsoaudio-online/campionamento-introduzione-all-audio-digitale}
}

@misc{registrazionedigitaleWIKI,
  author = {Wikipedia},
  title = {Registrazione digitale},
  year = {2024},
  url = {https://it.wikipedia.org/wiki/Registrazione_digitale}
}

@misc{workstatioaudiodigitaleWIKI,
  author = {Wikipedia},
  title = {Workstation audio digitale},
  year = {2024},
  url = {https://it.wikipedia.org/wiki/Workstation_audio_digitale}
}

@misc{dawLANDR,
  author = {Blog LANDR},
  title = {Le 10 migliori app DAW al mondo oggi},
  year = {2024},
  url = {https://blog.landr.com/it/le-10-migliori-app-daw-al-mondo-oggi/}
}

@misc{futuroCLARKaudio,
  author = {Audio Clark},
  title = {Il futuro della produzione musicale},
  year = {2024},
  url = {https://clarkaudio.com/it/the-future-of-music-production-emerging-trends-and-technologies/}
}


@misc{reaperiani,
  author = {Francesco Bonalume},
  title = {REAPERIANI},
  year = {2024},
  url= {https://www.youtube.com/reaperiani}
}

@misc{lpxzanoni,
  author = {Marco Zanoni},
  title = {Logic Pro X Italia},
  year = {2024},
  url= {https://www.youtube.com/@lpxibymarcozanoni}
}

@misc{soundonsound,
  author = {{Sound on Sound}},
  title = {Sound on Sound},
  year = {2024},
  url = {https://www.soundonsound.com}
}

@misc{avid,
  author = {{Avid Technology}},
  title = {Avid Technology},
  year = {2024},
  url = {https://www.avid.com}
}

@misc{steinberg,
  author = {{Steinberg}},
  title = {Steinberg},
  year = {2024},
  url = {https://www.steinberg.net}
}

@misc{ableton,
  author = {{Ableton}},
  title = {Ableton},
  year = {2024},
  url = {https://www.ableton.com}
}

@misc{presonus,
  author = {{PreSonus}},
  title = {PreSonus},
  year = {2024},
  url = {https://www.presonus.com}
}

@misc{flstudio,
  author = {{Image-Line}},
  title = {FL Studio},
  year = {2024},
  url = {https://www.image-line.com/flstudio}
}

@misc{splice,
  author = {{Splice}},
  title = {Splice},
  year = {2024},
  url = {https://splice.com}
}

@misc{landr,
  author = {{LANDR}},
  title = {LANDR},
  year = {2024},
  url = {https://www.landr.com}
}

@misc{melodyne,
  author = {{Melodyne}},
  title = {Melodyne},
  year = {2024},
  url = {https://www.celemony.com}
}

@misc{evolutionDAWs,
  author = {Sound on Sound},
  title = {The Evolution of Digital Audio Workstations},
  year = {2024},
  url = {https://www.soundonsound.com/techniques/evolution-digital-audio-workstations}
}

@misc{howDAWsChanged,
  author = {MusicTech},
  title = {How Digital Audio Workstations Changed Music Production},
  year = {2024},
  url = {https://www.musictech.net/guides/essential-guide/how-daws-changed-music-production/}
}

@misc{historyDAWs,
  author = {MusicRadar},
  title = {A Brief History of DAWs},
  year = {2024},
  url = {https://www.musicradar.com/news/a-brief-history-of-daws}
}

@manual{protoolsmanual,
  author = {{Avid Technology}},
  title = {Pro Tools Reference Guide},
  year = {2023},
  url = {https://resources.avid.com/SupportFiles/PT/Pro_Tools_Reference_Guide_2023.3.pdf}
}

@manual{logicpromanual,
  author = {{Apple}},
  tile = {Logic Pro User Guide},
  year = {2024},
  url = {https://help.apple.com/pdf/logicpromac/en_US/logic-pro-mac-user-guide.pdf}
}

@manual{cubasemanual,
  author = {{Steinberg}},
  title = {Cubase Manual},
  year = {2024},
  url = {https://www.steinberg.help/search/all?filters=product_names_smtg~%2522Cubase%2522&virtual-field=title_only&content-lang=en-US}
}

@manual{abletonmanual,
  author = {{Ableton}},
  title = {Manuale di Riferimento Ableton Versione 11},
  year = {2023},
  url = {https://cdn-resources.ableton.com/resources/manual/2023-03-30/l11manual_it.pdf}
}

@manual{studioonemanual,
  author = {{PreSonus}},
  title = {Studio One Online Manual},
  year = {2024},
  url = {https://s1manual.presonus.com/en/}
}

@manual{flstudiomanual,
  author = {{Image-Line}},
  title = {FL Studio Online Manual},
  year = {2024},
  url = {https://www.image-line.com/fl-studio-learning/fl-studio-online-manual/}
}
